@BOOK{LiuLiu,
  title = {Smoothed particle hydrodynamics: a meshfree particle method},
  publisher = {Singapore : World Scientific Publishing},
  year = {2003},
  author = {Liu, G. R. and Liu, M. B.},
  pages = {449}
}

@ARTICLE{Sulsky1994,
  author = {Sulsky, D. and Chen, Z. and Schreyer, H. L.},
  title = {A particle method for history-dependent materials},
  journal = {Computer Methods in Applied Mechanics and Engineering},
  year = {1994},
  volume = {118},
  pages = {179-196}
}

@BOOK{Vshivkov,
  title = {Численное моделирование методами частиц в ячейках},
  publisher = {Новосибирск : Издательство СО РАН},
  year = {2004},
  author = {Григорьев, Ю. В. and Вшивков, В. А. and Федорук, М. П.},
  pages = {360},
  language = {russian}
}